
@misc{noauthor_dechiffrer_nodate,
	title = {Déchiffrer le {Mag} 12 (décembre 2023) - version pdf accessible},
	url = {https://intranet.insee.fr/jcms/29406323_DBFileDocument/fr/dechiffrer-le-mag-12-decembre-2023-version-pdf-accessible?details=true},
	abstract = {Déchiffrer le Mag \#12 est paru le 22 décembre 2023. Sommaire : La sécurité informatique au service de tous Dossier : La filière d'enquête prend forme Mouv'In bouge les campagnes de mobilité L'enquête "sans domicile" se teste sur le terrain},
	language = {fr},
	urldate = {2024-08-06},
	journal = {Intranet INSEE},
	file = {Snapshot:C\:\\Users\\ZX80FJ\\Zotero\\storage\\ULSTY5ZZ\\dechiffrer-le-mag-12-decembre-2023-version-pdf-accessible.html:text/html},
}

@misc{noauthor_quest-ce_nodate,
	title = {Qu'est-ce que la cybersécurité ?},
	url = {https://www.cisco.com/c/fr_fr/products/security/what-is-cybersecurity.html},
	abstract = {La cybersécurité est la convergence des personnes, des processus et des technologies qui servent à protéger les entreprises, les individus ou les réseaux contre les attaques numériques.},
	language = {fr},
	urldate = {2024-08-06},
	journal = {Cisco},
	file = {Snapshot:C\:\\Users\\ZX80FJ\\Zotero\\storage\\C7FPQ4LJ\\what-is-cybersecurity.html:text/html},
}

@misc{noauthor_cybersecurite_2024,
	title = {Cybersécurité},
	copyright = {Creative Commons Attribution-ShareAlike License},
	url = {https://fr.wikipedia.org/w/index.php?title=Cybers%C3%A9curit%C3%A9&oldid=215272230},
	abstract = {Le mot cybersécurité est un néologisme désignant le rôle de l'ensemble des lois, politiques, outils, dispositifs, concepts et mécanismes de sécurité, méthodes de gestion des risques, actions, formations, bonnes pratiques et technologies qui peuvent être utilisés pour protéger les personnes et les actifs informatiques matériels et immatériels (connectés directement ou indirectement à un réseau) des États et des organisations (avec un objectif de disponibilité, intégrité et authenticité, confidentialité, preuve et non-répudiation).},
	language = {fr},
	urldate = {2024-08-06},
	journal = {Wikipédia},
	month = may,
	year = {2024},
	note = {Page Version ID: 215272230},
	file = {Snapshot:C\:\\Users\\ZX80FJ\\Zotero\\storage\\Z4AGKNB4\\Cybersécurité.html:text/html},
}
